[gd_scene load_steps=24 format=2]

[ext_resource path="res://GUI/backgrounds/env_normal.png" type="Texture" id=1]
[ext_resource path="res://GUI/icon/coins/iconAttackEpic.PNG" type="Texture" id=2]
[ext_resource path="res://GUI/icon/coins/iconAttackUncommon.PNG" type="Texture" id=3]
[ext_resource path="res://GUI/menu/page.png" type="Texture" id=4]
[ext_resource path="res://GUI/players/adventurer-Sheet.png" type="Texture" id=5]
[ext_resource path="res://GUI/monsters/Minotaur/128x80Minotaur_FullSheet.png" type="Texture" id=6]
[ext_resource path="res://code/QuestBattleScene.gd" type="Script" id=7]
[ext_resource path="res://GUI/menu/border.PNG" type="Texture" id=8]
[ext_resource path="res://GUI/icon/coins/iconDefense.PNG" type="Texture" id=9]
[ext_resource path="res://GUI/font/Rightland.otf" type="DynamicFontData" id=10]
[ext_resource path="res://GUI/icon/coins/iconAttackUncommonHover.PNG" type="Texture" id=11]
[ext_resource path="res://GUI/icon/coins/iconAttackEpicHover.PNG" type="Texture" id=12]
[ext_resource path="res://GUI/icon/coins/iconAttackNormalHover.PNG" type="Texture" id=13]
[ext_resource path="res://GUI/icon/coins/iconDefenseHover.PNG" type="Texture" id=14]
[ext_resource path="res://GUI/icon/coins/iconAttackNormal.PNG" type="Texture" id=15]
[ext_resource path="res://music/night-chip.ogg" type="AudioStream" id=16]

[sub_resource type="Animation" id=1]
resource_name = "Attack"
loop = true
tracks/0/type = "value"
tracks/0/path = NodePath(".:frame")
tracks/0/interp = 1
tracks/0/loop_wrap = true
tracks/0/imported = false
tracks/0/enabled = true
tracks/0/keys = {
"times": PoolRealArray( 0, 0.1, 0.2, 0.3, 0.4, 0.5, 0.6, 0.7, 0.8, 0.9, 1 ),
"transitions": PoolRealArray( 1, 1, 1, 1, 1, 1, 1, 1, 1, 1, 1 ),
"update": 1,
"values": [ 41, 42, 43, 44, 45, 46, 47, 48, 49, 50, 52 ]
}

[sub_resource type="Animation" id=2]
resource_name = "Death"
length = 1.5
tracks/0/type = "value"
tracks/0/path = NodePath(".:frame")
tracks/0/interp = 1
tracks/0/loop_wrap = true
tracks/0/imported = false
tracks/0/enabled = true
tracks/0/keys = {
"times": PoolRealArray( 0, 0.1, 0.2, 0.3, 0.4, 0.5, 0.6, 0.7, 0.8 ),
"transitions": PoolRealArray( 1, 1, 1, 1, 1, 1, 1, 1, 1 ),
"update": 1,
"values": [ 60, 61, 62, 63, 64, 65, 66, 67, 68 ]
}

[sub_resource type="Animation" id=3]
length = 0.6
loop = true
tracks/0/type = "value"
tracks/0/path = NodePath(".:frame")
tracks/0/interp = 1
tracks/0/loop_wrap = true
tracks/0/imported = false
tracks/0/enabled = true
tracks/0/keys = {
"times": PoolRealArray( 0, 0.1, 0.2 ),
"transitions": PoolRealArray( 1, 1, 1 ),
"update": 1,
"values": [ 39, 40, 41 ]
}

[sub_resource type="Animation" id=4]
length = 1.3
loop = true
tracks/0/type = "bezier"
tracks/0/path = NodePath(".:frame")
tracks/0/interp = 1
tracks/0/loop_wrap = true
tracks/0/imported = false
tracks/0/enabled = true
tracks/0/keys = {
"points": PoolRealArray( 16, -0.25, 0, 0.25, 0, 17, -0.25, 0, 0.25, 0, 18, -0.25, 0, 0.25, 0, 19, -0.25, 0, 0.25, 0, 20, -0.25, 0, 0.25, 0, 21, -0.25, 0, 0.25, 0, 22, -0.25, 0, 0.25, 0, 23, -0.25, 0, 0.25, 0, 24, -0.25, 0, 0.25, 0, 25, -0.25, 0, 0.25, 0, 26, -0.25, 0, 0.25, 0, 27, -0.25, 0, 0.25, 0, 28, -0.25, 0, 0.25, 0, 31, -0.25, 0, 0.25, 0 ),
"times": PoolRealArray( 0, 0.1, 0.2, 0.3, 0.4, 0.5, 0.6, 0.7, 0.8, 0.9, 1, 1.1, 1.2, 1.3 )
}

[sub_resource type="Animation" id=5]
tracks/0/type = "bezier"
tracks/0/path = NodePath(".:frame")
tracks/0/interp = 1
tracks/0/loop_wrap = true
tracks/0/imported = false
tracks/0/enabled = true
tracks/0/keys = {
"points": PoolRealArray( 32, -0.25, 0, 0.25, 0, 33, -0.25, 0, 0.25, 0, 34, -0.25, 0, 0.25, 0, 35, -0.25, 0, 0.25, 0, 36, -0.25, 0, 0.25, 0, 37, -0.25, 0, 0.25, 0, 38, -0.25, 0, 0.25, 0, 39, -0.25, 0, 0.25, 0, 40, -0.25, 0, 0.25, 0, 41, -0.25, 0, 0.25, 0 ),
"times": PoolRealArray( 0, 0.1, 0.2, 0.3, 0.4, 0.5, 0.6, 0.7, 0.8, 0.9 )
}

[sub_resource type="Animation" id=6]
length = 0.7
loop = true
tracks/0/type = "bezier"
tracks/0/path = NodePath(".:frame")
tracks/0/interp = 1
tracks/0/loop_wrap = true
tracks/0/imported = false
tracks/0/enabled = true
tracks/0/keys = {
"points": PoolRealArray( 1, -0.25, 0, 0.25, 0, 2, -0.25, 0, 0.25, 0, 3, -0.25, 0, 0.25, 0, 4, -0.25, 0, 0.25, 0, 5, -0.25, 0, 0.25, 0, 6, -0.25, 0, 0.25, 0, 7, -0.25, 0, 0.25, 0 ),
"times": PoolRealArray( 0, 0.1, 0.2, 0.3, 0.4, 0.5, 0.6 )
}

[sub_resource type="DynamicFont" id=7]
size = 32
font_data = ExtResource( 10 )

[node name="Control" type="Control"]
anchor_right = 1.0
anchor_bottom = 1.0
script = ExtResource( 7 )
__meta__ = {
"_edit_use_anchors_": false
}

[node name="MainPanel" type="Panel" parent="."]
anchor_right = 1.0
anchor_bottom = 1.0
__meta__ = {
"_edit_use_anchors_": false
}

[node name="BackgroundPanel" type="Panel" parent="MainPanel"]
anchor_left = 0.5
anchor_top = 0.5
anchor_right = 0.5
anchor_bottom = 0.5
margin_left = -512.0
margin_top = -300.0
margin_right = 512.0
margin_bottom = 300.0
__meta__ = {
"_edit_use_anchors_": false
}

[node name="BackgroundImage" type="Sprite" parent="MainPanel/BackgroundPanel"]
position = Vector2( 512, 256 )
scale = Vector2( 0.270833, 0.244444 )
texture = ExtResource( 1 )

[node name="PlayerImage" type="Sprite" parent="MainPanel/BackgroundPanel"]
position = Vector2( 475.5, 345.25 )
scale = Vector2( 1.14, 1.36487 )
texture = ExtResource( 5 )
vframes = 11
hframes = 7
frame = 69

[node name="PlayerAnimation" type="AnimationPlayer" parent="MainPanel/BackgroundPanel/PlayerImage"]
anims/Attack = SubResource( 1 )
anims/Death = SubResource( 2 )
anims/Wait = SubResource( 3 )

[node name="MonsterImage" type="Sprite" parent="MainPanel/BackgroundPanel"]
visible = false
position = Vector2( 528, 328 )
texture = ExtResource( 6 )
flip_h = true
vframes = 6
hframes = 8
frame = 32

[node name="MonsterAnimation" type="AnimationPlayer" parent="MainPanel/BackgroundPanel/MonsterImage"]
anims/Attack = SubResource( 4 )
anims/Death = SubResource( 5 )
anims/Wait = SubResource( 6 )

[node name="BattleButtonsPanel" type="Panel" parent="MainPanel"]
visible = false
anchor_left = 0.344
anchor_top = 0.653
anchor_right = 0.656
anchor_bottom = 0.827
margin_left = -0.256012
margin_top = 0.199951
margin_right = 0.255981
margin_bottom = -8.20001
__meta__ = {
"_edit_use_anchors_": false
}

[node name="AttackButton" type="TextureButton" parent="MainPanel/BattleButtonsPanel"]
anchor_top = 0.167
anchor_right = 0.2
anchor_bottom = 0.833
margin_left = 1.90735e-06
margin_top = -0.0320015
margin_bottom = 0.0319977
texture_normal = ExtResource( 2 )
texture_hover = ExtResource( 12 )
__meta__ = {
"_edit_use_anchors_": false
}

[node name="AttackLabel" type="Label" parent="MainPanel/BattleButtonsPanel/AttackButton"]
anchor_top = 1.0
anchor_right = 1.0
anchor_bottom = 1.375
margin_bottom = -7.62939e-06
text = "Attack"
align = 1
valign = 1

[node name="DefenseButton" type="TextureButton" parent="MainPanel/BattleButtonsPanel"]
anchor_left = 0.4
anchor_top = 0.167
anchor_right = 0.6
anchor_bottom = 0.833
margin_top = -0.0320015
margin_bottom = 0.0319977
texture_normal = ExtResource( 9 )
texture_hover = ExtResource( 14 )
__meta__ = {
"_edit_use_anchors_": false
}

[node name="DefenseLabel" type="Label" parent="MainPanel/BattleButtonsPanel/DefenseButton"]
anchor_top = 1.0
anchor_right = 1.0
anchor_bottom = 1.375
margin_left = -8.0
margin_right = 8.0
margin_bottom = -7.62939e-06
text = "Defense"
align = 1
valign = 1
__meta__ = {
"_edit_use_anchors_": false
}

[node name="ChargeButton" type="TextureButton" parent="MainPanel/BattleButtonsPanel"]
anchor_left = 0.8
anchor_top = 0.167
anchor_right = 1.0
anchor_bottom = 0.833
margin_top = -0.0319977
margin_bottom = 0.0320129
texture_normal = ExtResource( 15 )
texture_hover = ExtResource( 13 )
__meta__ = {
"_edit_use_anchors_": false
}

[node name="ChargeLabel" type="Label" parent="MainPanel/BattleButtonsPanel/ChargeButton"]
anchor_top = 1.0
anchor_right = 1.0
anchor_bottom = 1.375
margin_left = -8.0
margin_right = 9.0
margin_bottom = -7.62939e-06
text = "Charge"
align = 1
valign = 1
__meta__ = {
"_edit_use_anchors_": false
}

[node name="MenuButtonsPanel" type="Panel" parent="MainPanel"]
anchor_left = 0.344
anchor_top = 0.653
anchor_right = 0.656
anchor_bottom = 0.827
margin_left = -0.256012
margin_top = 0.199951
margin_right = 0.255981
margin_bottom = -8.20001
__meta__ = {
"_edit_use_anchors_": false
}

[node name="BackButton" type="TextureButton" parent="MainPanel/MenuButtonsPanel"]
anchor_left = 0.8
anchor_top = 0.167
anchor_right = 1.0
anchor_bottom = 0.833
margin_top = -0.0319424
margin_bottom = 0.0320511
texture_normal = ExtResource( 2 )
texture_hover = ExtResource( 12 )
__meta__ = {
"_edit_use_anchors_": false
}

[node name="BackLabel" type="Label" parent="MainPanel/MenuButtonsPanel/BackButton"]
anchor_top = 1.0
anchor_right = 1.0
anchor_bottom = 1.375
margin_left = -32.0
margin_top = 2.28882e-05
margin_right = 33.0
margin_bottom = 1.52588e-05
text = "Back in Quest Menu"
align = 1
valign = 1

[node name="BattleButton" type="TextureButton" parent="MainPanel/MenuButtonsPanel"]
anchor_top = 0.167
anchor_right = 0.2
anchor_bottom = 0.833
margin_top = -0.0319366
margin_bottom = 0.0320663
texture_normal = ExtResource( 3 )
texture_hover = ExtResource( 11 )
__meta__ = {
"_edit_use_anchors_": false
}

[node name="BattleButton" type="Label" parent="MainPanel/MenuButtonsPanel/BattleButton"]
anchor_top = 1.0
anchor_right = 1.0
anchor_bottom = 1.375
margin_left = -8.0
margin_right = 9.0
margin_bottom = -7.62939e-06
text = "Start Quest"
align = 1
valign = 1
__meta__ = {
"_edit_use_anchors_": false
}

[node name="BattleMonsterTurnPanel" type="Panel" parent="MainPanel"]
visible = false
anchor_left = 0.344
anchor_top = 0.653
anchor_right = 0.656
anchor_bottom = 0.827
margin_left = -0.256012
margin_top = 0.199951
margin_right = 0.255981
margin_bottom = -8.20001
__meta__ = {
"_edit_use_anchors_": false
}

[node name="WaitMonsterTurn" type="Label" parent="MainPanel/BattleMonsterTurnPanel"]
anchor_left = -0.025
anchor_top = 0.417
anchor_right = 1.028
anchor_bottom = 0.75
margin_top = -0.0320015
margin_right = 0.0400085
margin_bottom = -7.62939e-06
text = "Waiting Enemy Action..."
align = 1
valign = 1
__meta__ = {
"_edit_use_anchors_": false
}

[node name="PlayerPanel" type="Panel" parent="MainPanel"]
anchor_left = 0.031
anchor_top = 0.107
anchor_right = 0.219
anchor_bottom = 0.853
margin_left = 0.255999
margin_top = -0.200005
margin_right = -0.256012
margin_bottom = 0.199982
__meta__ = {
"_edit_use_anchors_": false
}

[node name="BackgroundPanel" type="Sprite" parent="MainPanel/PlayerPanel"]
position = Vector2( 96, 224 )
scale = Vector2( 0.140527, 0.224 )
texture = ExtResource( 4 )

[node name="BorderImageUp" type="Sprite" parent="MainPanel/PlayerPanel"]
position = Vector2( 96, 56 )
scale = Vector2( 0.111304, 0.115108 )
texture = ExtResource( 8 )

[node name="BorderImageDown" type="Sprite" parent="MainPanel/PlayerPanel"]
position = Vector2( 96, 328.223 )
rotation = -3.14159
scale = Vector2( 0.111304, 0.11283 )
texture = ExtResource( 8 )

[node name="NameLabel" type="Label" parent="MainPanel/PlayerPanel"]
anchor_right = 1.0
anchor_bottom = 0.143
margin_left = -8.0
margin_right = 8.00002
margin_bottom = -0.0639954
custom_colors/font_color = Color( 0.192157, 0.12549, 0.0784314, 1 )
text = "PlayerName"
align = 1
valign = 1
__meta__ = {
"_edit_use_anchors_": false
}

[node name="LevelLabel" type="Label" parent="MainPanel/PlayerPanel"]
anchor_left = 0.167
anchor_top = 0.196
anchor_right = 0.833
anchor_bottom = 0.25
margin_left = -0.0639992
margin_top = 0.192001
margin_right = 0.0639954
margin_bottom = 7.62939e-06
custom_colors/font_color = Color( 0.192157, 0.12549, 0.0784314, 1 )
text = "lvl ?"
align = 1
valign = 1
__meta__ = {
"_edit_use_anchors_": false
}

[node name="CoinsLabel" type="Label" parent="MainPanel/PlayerPanel"]
anchor_left = 0.167
anchor_top = 0.607
anchor_right = 0.833
anchor_bottom = 0.679
margin_left = -0.0639992
margin_top = 0.0639954
margin_right = 0.0639954
margin_bottom = -0.191986
custom_colors/font_color = Color( 0.192157, 0.12549, 0.0784314, 1 )
text = "coins ?"
align = 1
valign = 1
__meta__ = {
"_edit_use_anchors_": false
}

[node name="AtkLabel" type="Label" parent="MainPanel/PlayerPanel"]
anchor_left = 0.25
anchor_top = 0.214
anchor_right = 0.5
anchor_bottom = 0.286
margin_left = -16.0
margin_top = 32.128
margin_right = 7.62939e-06
margin_bottom = 31.872
custom_colors/font_color = Color( 0.192157, 0.12549, 0.0784314, 1 )
text = "ATK"
align = 1
valign = 1
__meta__ = {
"_edit_use_anchors_": false
}

[node name="AtkValueLabel" type="Label" parent="MainPanel/PlayerPanel"]
anchor_left = 0.5
anchor_top = 0.143
anchor_right = 1.0
anchor_bottom = 0.286
margin_left = 7.62939e-06
margin_top = 63.936
margin_right = -32.0
margin_bottom = 31.872
custom_colors/font_color = Color( 0.192157, 0.12549, 0.0784314, 1 )
text = "0"
align = 1
valign = 1
__meta__ = {
"_edit_use_anchors_": false
}

[node name="HpLabel" type="Label" parent="MainPanel/PlayerPanel"]
anchor_top = 0.304
anchor_right = 0.5
anchor_bottom = 0.429
margin_left = 32.0
margin_top = 23.808
margin_right = 7.62939e-06
margin_bottom = -0.191986
custom_colors/font_color = Color( 0.192157, 0.12549, 0.0784314, 1 )
text = "HP"
align = 1
valign = 1
__meta__ = {
"_edit_use_anchors_": false
}

[node name="HpValueLabel" type="Label" parent="MainPanel/PlayerPanel"]
anchor_left = 0.5
anchor_top = 0.304
anchor_right = 1.0
anchor_bottom = 0.429
margin_left = 7.62939e-06
margin_top = 23.808
margin_right = -32.0
margin_bottom = -0.191986
custom_colors/font_color = Color( 0.192157, 0.12549, 0.0784314, 1 )
text = "0"
align = 1
valign = 1
__meta__ = {
"_edit_use_anchors_": false
}

[node name="DefLabel" type="Label" parent="MainPanel/PlayerPanel"]
anchor_left = 0.042
anchor_top = 0.429
anchor_right = 0.5
anchor_bottom = 0.571
margin_left = 23.936
margin_top = -0.191986
margin_right = 7.62939e-06
margin_bottom = -31.808
custom_colors/font_color = Color( 0.192157, 0.12549, 0.0784314, 1 )
text = "DEF"
align = 1
valign = 1
__meta__ = {
"_edit_use_anchors_": false
}

[node name="DefValueLabel" type="Label" parent="MainPanel/PlayerPanel"]
anchor_left = 0.5
anchor_top = 0.429
anchor_right = 1.0
anchor_bottom = 0.571
margin_left = 7.62939e-06
margin_top = -0.191986
margin_right = -32.0
margin_bottom = -31.808
custom_colors/font_color = Color( 0.192157, 0.12549, 0.0784314, 1 )
text = "0"
align = 1
valign = 1
__meta__ = {
"_edit_use_anchors_": false
}

[node name="SpdLabel" type="Label" parent="MainPanel/PlayerPanel"]
anchor_left = 0.167
anchor_top = 0.571
anchor_right = 0.5
anchor_bottom = 0.643
margin_left = -0.0639992
margin_top = -31.808
margin_right = 7.62939e-06
margin_bottom = -32.064
custom_colors/font_color = Color( 0.192157, 0.12549, 0.0784314, 1 )
text = "SPD"
align = 1
valign = 1
__meta__ = {
"_edit_use_anchors_": false
}

[node name="SpdValueLabel" type="Label" parent="MainPanel/PlayerPanel"]
anchor_left = 0.5
anchor_top = 0.571
anchor_right = 0.833
anchor_bottom = 0.643
margin_left = 7.62939e-06
margin_top = -31.808
margin_right = 0.0639954
margin_bottom = -32.064
custom_colors/font_color = Color( 0.192157, 0.12549, 0.0784314, 1 )
text = "0"
align = 1
valign = 1
__meta__ = {
"_edit_use_anchors_": false
}

[node name="WeaponLabel" type="Label" parent="MainPanel/PlayerPanel"]
anchor_top = 0.714
anchor_right = 1.0
anchor_bottom = 0.875
margin_top = 32.128
margin_bottom = -8.00003
custom_colors/font_color = Color( 0.192157, 0.12549, 0.0784314, 1 )
text = "Rusty Sword +0"
align = 1
valign = 1
clip_text = true
__meta__ = {
"_edit_use_anchors_": false
}

[node name="ArmourLabel" type="Label" parent="MainPanel/PlayerPanel"]
anchor_top = 0.839
anchor_right = 1.0
anchor_bottom = 1.0
margin_left = 1.90735e-06
margin_top = 8.12805
margin_bottom = -31.9999
custom_colors/font_color = Color( 0.192157, 0.12549, 0.0784314, 1 )
text = "Cloth Robe +0"
align = 1
valign = 1
autowrap = true
clip_text = true
__meta__ = {
"_edit_use_anchors_": false
}

[node name="PlayerTimer" type="Timer" parent="MainPanel/PlayerPanel"]
one_shot = true

[node name="MonsterPanel" type="Panel" parent="MainPanel"]
anchor_left = 0.031
anchor_top = 0.107
anchor_right = 0.219
anchor_bottom = 0.853
margin_left = 776.256
margin_top = -0.200005
margin_right = 767.744
margin_bottom = 0.199982
__meta__ = {
"_edit_use_anchors_": false
}

[node name="BackgroundPanel" type="Sprite" parent="MainPanel/MonsterPanel"]
position = Vector2( 92, 224 )
scale = Vector2( 0.135508, 0.224 )
texture = ExtResource( 4 )

[node name="BorderImageUp" type="Sprite" parent="MainPanel/MonsterPanel"]
position = Vector2( 96, 56 )
scale = Vector2( 0.111304, 0.115108 )
texture = ExtResource( 8 )

[node name="BorderImageDown" type="Sprite" parent="MainPanel/MonsterPanel"]
position = Vector2( 96, 328 )
rotation = 3.14159
scale = Vector2( 0.111304, 0.11283 )
texture = ExtResource( 8 )

[node name="NameLabel" type="Label" parent="MainPanel/MonsterPanel"]
anchor_right = 1.0
anchor_bottom = 0.143
margin_bottom = -0.064003
custom_colors/font_color = Color( 0.192157, 0.12549, 0.0784314, 1 )
text = "Monster ?"
align = 1
valign = 1
__meta__ = {
"_edit_use_anchors_": false
}

[node name="AtkLabel" type="Label" parent="MainPanel/MonsterPanel"]
anchor_top = 0.143
anchor_right = 0.5
anchor_bottom = 0.286
margin_left = 24.0
margin_top = 63.936
margin_right = -4.0
margin_bottom = 31.872
custom_colors/font_color = Color( 0.192157, 0.12549, 0.0784314, 1 )
text = "ATK"
align = 1
valign = 1
__meta__ = {
"_edit_use_anchors_": false
}

[node name="AtkValueLabel" type="Label" parent="MainPanel/MonsterPanel"]
anchor_left = 0.5
anchor_top = 0.143
anchor_right = 1.0
anchor_bottom = 0.286
margin_left = -4.0
margin_top = 63.936
margin_right = -32.0
margin_bottom = 31.872
custom_colors/font_color = Color( 0.192157, 0.12549, 0.0784314, 1 )
text = "?"
align = 1
valign = 1
__meta__ = {
"_edit_use_anchors_": false
}

[node name="HpLabel" type="Label" parent="MainPanel/MonsterPanel"]
anchor_top = 0.304
anchor_right = 0.5
anchor_bottom = 0.429
margin_left = 24.0
margin_top = 23.808
margin_right = -4.0
margin_bottom = -0.191986
custom_colors/font_color = Color( 0.192157, 0.12549, 0.0784314, 1 )
text = "HP"
align = 1
valign = 1
__meta__ = {
"_edit_use_anchors_": false
}

[node name="HpValueLabel" type="Label" parent="MainPanel/MonsterPanel"]
anchor_left = 0.5
anchor_top = 0.304
anchor_right = 1.0
anchor_bottom = 0.429
margin_left = -4.0
margin_top = 23.808
margin_right = -32.0
margin_bottom = -0.191986
custom_colors/font_color = Color( 0.192157, 0.12549, 0.0784314, 1 )
text = "?"
align = 1
valign = 1
__meta__ = {
"_edit_use_anchors_": false
}

[node name="DefLabel" type="Label" parent="MainPanel/MonsterPanel"]
anchor_left = 0.042
anchor_top = 0.429
anchor_right = 0.5
anchor_bottom = 0.571
margin_left = 16.272
margin_top = -0.191986
margin_bottom = -31.808
custom_colors/font_color = Color( 0.192157, 0.12549, 0.0784314, 1 )
text = "DEF"
align = 1
valign = 1
__meta__ = {
"_edit_use_anchors_": false
}

[node name="DefValueLabel" type="Label" parent="MainPanel/MonsterPanel"]
anchor_left = 0.5
anchor_top = 0.429
anchor_right = 1.0
anchor_bottom = 0.571
margin_top = -0.191986
margin_right = -32.0
margin_bottom = -31.808
custom_colors/font_color = Color( 0.192157, 0.12549, 0.0784314, 1 )
text = "?"
align = 1
valign = 1
__meta__ = {
"_edit_use_anchors_": false
}

[node name="SpdLabel" type="Label" parent="MainPanel/MonsterPanel"]
anchor_top = 0.571
anchor_right = 0.5
anchor_bottom = 0.714
margin_left = 24.0
margin_top = -31.808
margin_bottom = -63.872
custom_colors/font_color = Color( 0.192157, 0.12549, 0.0784314, 1 )
text = "SPD"
align = 1
valign = 1
__meta__ = {
"_edit_use_anchors_": false
}

[node name="SpdValueLabel" type="Label" parent="MainPanel/MonsterPanel"]
anchor_left = 0.5
anchor_top = 0.571
anchor_right = 1.0
anchor_bottom = 0.714
margin_left = -4.0
margin_top = -31.808
margin_right = -32.0
margin_bottom = -63.872
custom_colors/font_color = Color( 0.192157, 0.12549, 0.0784314, 1 )
text = "?"
align = 1
valign = 1
__meta__ = {
"_edit_use_anchors_": false
}

[node name="MonsterTimer" type="Timer" parent="MainPanel/MonsterPanel"]
wait_time = 1.3
one_shot = true

[node name="TurnActiveLabel" type="Label" parent="MainPanel"]
anchor_left = 0.375
anchor_top = 0.107
anchor_right = 0.625
anchor_bottom = 0.213
margin_left = -3.05176e-05
margin_top = -0.200005
margin_bottom = 0.199989
text = "Turn Active"
align = 1
valign = 1
__meta__ = {
"_edit_use_anchors_": false
}

[node name="QuestActiveLabel" type="Label" parent="MainPanel"]
anchor_left = 0.383
anchor_right = 0.625
anchor_bottom = 0.107
margin_left = -136.192
margin_right = 128.0
margin_bottom = -0.199997
custom_fonts/font = SubResource( 7 )
text = "Quest X - YZ"
align = 1
valign = 2
__meta__ = {
"_edit_use_anchors_": false
}

[node name="RestartBattleTimer" type="Timer" parent="MainPanel"]
wait_time = 1.5
one_shot = true

[node name="AudioStreamPlayer" type="AudioStreamPlayer" parent="."]
stream = ExtResource( 16 )
volume_db = -15.0
autoplay = true
[connection signal="button_down" from="MainPanel/BattleButtonsPanel/AttackButton" to="." method="_on_AttackButton"]
[connection signal="button_down" from="MainPanel/BattleButtonsPanel/DefenseButton" to="." method="_on_DefenseButton"]
[connection signal="button_down" from="MainPanel/BattleButtonsPanel/ChargeButton" to="." method="_on_ChargeButton"]
[connection signal="button_down" from="MainPanel/MenuButtonsPanel/BackButton" to="." method="_on_BackButton"]
[connection signal="button_down" from="MainPanel/MenuButtonsPanel/BattleButton" to="." method="_on_BattleButton"]
[connection signal="timeout" from="MainPanel/PlayerPanel/PlayerTimer" to="." method="_on_PlayerTimer"]
[connection signal="timeout" from="MainPanel/MonsterPanel/MonsterTimer" to="." method="_on_MonsterTimer_timeout"]
[connection signal="timeout" from="MainPanel/RestartBattleTimer" to="." method="_on_RestartBattleTimer_timeout"]
